@book{Sommerville2010,
  author = {Ian Sommerville},
  title = {Software Engineering},
  edition = {9th},
  publisher = {Addison-Wesley},
  year = {2010}
}

@online{AgileManifesto,
  author = {Beck, Kent and et al.},
  title = {Manifesto for Agile Software Development},
  organization = {Agile Alliance},
  year = {2001},
  url = {https://agilemanifesto.org/}
}

@book{Myers2011,
  author = {Glenford J. Myers and Corey Sandler and Tom Badgett},
  title = {The Art of Software Testing},
  edition = {3rd},
  publisher = {Wiley},
  year = {2011}
}

@book{Chacon2014,
  author = {Scott Chacon and Ben Straub},
  title = {Pro Git},
  edition = {2nd},
  publisher = {Apress},
  year = {2014}
}

@inproceedings{Naur1969,
  author = {Naur, P. and Randell, B. (Eds.)},
  title = {Software Engineering: Report of a conference sponsored by the NATO Science Committee},
  year = {1969}
}

@book{Brooks1975,
  author = {Brooks, F. P.},
  title = {The Mythical Man-Month: Essays on Software Engineering},
  publisher = {Addison-Wesley},
  year = {1975}
}

@article{Gibbs1994,
  author = {Gibbs, W. W.},
  title = {Software's Chronic Crisis},
  journal = {Scientific American},
  year = {1994}
}

@inproceedings{Royce1970,
  author = {Royce, W. W.},
  title = {Managing the Development of Large Software Systems},
  booktitle = {Proceedings of IEEE WESCON},
  year = {1970}
}

@article{Wirth1971,
  author = {Wirth, N.},
  title = {Program Development by Stepwise Refinement},
  journal = {Communications of the ACM},
  year = {1971}
}

@book{Hoare1986,
  author = {Hoare, C. A. R.},
  title = {Communicating Sequential Processes},
  publisher = {Prentice Hall},
  year = {1986}
}

@article{Boehm1988,
  author = {Boehm, B. W.},
  title = {A Spiral Model of Software Development and Enhancement},
  journal = {ACM SIGSOFT Software Engineering Notes},
  year = {1988}
}

@book{Abran2004,
  author = {Abran, A. and Moore, J. W.},
  title = {Guide to the Software Engineering Body of Knowledge},
  publisher = {IEEE Computer Society},
  year = {2004}
}

@book{Sommerville2010,
  author = {Sommerville, I.},
  title = {Software Engineering},
  publisher = {Addison-Wesley},
  edition = {9th},
  year = {2010}
}



@inproceedings{killough_software_2018,
	title = {Software engineering: What is it?},
	url = {https://ieeexplore.ieee.org/document/8396624},
	doi = {10.1109/AERO.2018.8396624},
	shorttitle = {Software engineering},
	abstract = {In spite of many years of work by a multitude of organizations, a clear and simple standard for software engineering and management requirements and a method to assess their applicability to projects of various types and sizes remains elusive. From {IEEE} to {CMMI} to {NASA}'},
	eventtitle = {2018 {IEEE} Aerospace Conference},
	pages = {1--11},
	booktitle = {2018 {IEEE} Aerospace Conference},
	author = {Killough, Ronnie},
	urldate = {2024-04-17},
	date = {2018-03},
	keywords = {Encoding, Organizations, Programming, Software, Software engineering, Standards organizations},
	file = {IEEE Xplore Abstract Record:/Users/ftorres/Zotero/storage/EZB6NKU3/8396624.html:text/html},
}


